@article{Abdulhami,
  title={The Design and Development of Real-Time E-Voting System in Nigeria with Emphasis on Security and Result Veracity.},
  author={Abdulhamid, Shafi'{\'\i} Muhammad and Adebayo, Olawale Surajudeen and Ugiomoh, Damian Oshomah and AbdulMalik, Mohammed Danlami},
  journal={International Journal of Computer Network \& Information Security},
  volume={5},
  number={5},
  year={2013}
}
@inproceedings{Tadayoshi,
  title={Analysis of an electronic voting system},
  author={Kohno, Tadayoshi and Stubblefield, Adam and Rubin, Aviel D and Wallach, Dan S},
  booktitle={IEEE Symposium on Security and Privacy, 2004. Proceedings. 2004},
  pages={27--40},
  year={2004},
  organization={IEEE}
}

@article{Kristin,
  title={An evaluation of web-based voting usability and accessibility},
  author={Fuglerud, Kristin Skeide and R{\o}ssvoll, Till Halbach},
  journal={Universal Access in the Information Society},
  volume={11},
  number={4},
  pages={359--373},
  year={2012},
  publisher={Springer}
}

@article{Charles ,
  title={E-voting implementation in Nigeria: the success factors},
  author={Ayo, CK and Adebiyi, AA and Sofoluwe, AB},
  year={2012},
  publisher={Unknown}
}

@article{Alvarez,
  title={Internet voting in comparative perspective: the case of Estonia},
  author={Alvarez, R Michael and Hall, Thad E and Trechsel, Alexander H},
  journal={PS: Political Science \& Politics},
  volume={42},
  number={3},
  pages={497--505},
  year={2009},
  publisher={Cambridge University Press}
}

@article{esan,
  title={E-voting in Nigeria: Barriers to full implementation},
  author={Esan, Adebimpe Omolayo and Ayeni, TB},
  journal={Ahmadu Bello University},
  year={2017}
}

@article{threesanti,
  title={A three-ballot-based secure electronic voting system},
  author={Santin, Altair O and Costa, Regivaldo G and Maziero, Carlos A},
  journal={IEEE Security \& Privacy},
  volume={6},
  number={3},
  pages={14--21},
  year={2008},
  publisher={IEEE}
}

@inproceedings{inproceedings,
author = {Leon, Florin and Floria, Sabina-Adriana and Badica, Costin},
year = {2017},
month = {07},
pages = {1-6},
title = {Evaluating the effect of voting methods on ensemble-based classification},
doi = {10.1109/INISTA.2017.8001122}
}